@article{KodairaSpencerIII,
    AUTHOR = {Kodaira, K. and Spencer, D. C.},
     TITLE = {On deformations of complex analytic structures. {III}.
              {S}tability theorems for complex structures},
   JOURNAL = {Ann. of Math. (2)},
  FJOURNAL = {Annals of Mathematics. Second Series},
    VOLUME = {71},
      YEAR = {1960},
     PAGES = {43--76},
      ISSN = {0003-486X},
   MRCLASS = {57.00},
  MRNUMBER = {0115189 (22 \#5991)},
MRREVIEWER = {M. F. Atiyah},
}

@phdthesis{Magnusson,
    AUTHOR = {Magn\'{u}sson, Gunnar \TH\'{o}r},
    TITLE = {Natural metrics associated to families of compact
        K\"{a}hler manifolds},
    YEAR = {2012},
    SCHOOL = {Universit\'{e} de Grenoble I},
}

@article{Aubin,
    AUTHOR = {Aubin, Thierry},
     TITLE = {\'{E}quations du type {M}onge-{A}mp\`ere sur les vari\'et\'es
              k\"ahl\'eriennes compactes},
   JOURNAL = {Bull. Sci. Math. (2)},
  FJOURNAL = {Bulletin des Sciences Math\'ematiques. 2e S\'erie},
    VOLUME = {102},
      YEAR = {1978},
    NUMBER = {1},
     PAGES = {63--95},
      ISSN = {0007-4497},
     CODEN = {BSMQA9},
   MRCLASS = {53C55 (32C10 35J60 58G30)},
  MRNUMBER = {494932 (81d:53047)},
MRREVIEWER = {Robert E. Greene},
}

@article{Yau,
    AUTHOR = {Yau, Shing Tung},
     TITLE = {On the {R}icci curvature of a compact {K}\"ahler manifold and
              the complex {M}onge-{A}mp\`ere equation. {I}},
   JOURNAL = {Comm. Pure Appl. Math.},
  FJOURNAL = {Communications on Pure and Applied Mathematics},
    VOLUME = {31},
      YEAR = {1978},
    NUMBER = {3},
     PAGES = {339--411},
      ISSN = {0010-3640},
     CODEN = {CPAMAT},
   MRCLASS = {53C55 (32C10 35J60)},
  MRNUMBER = {480350 (81d:53045)},
MRREVIEWER = {Robert E. Greene},
       DOI = {10.1002/cpa.3160310304},
       URL = {http://dx.doi.org/10.1002/cpa.3160310304},
}

@article{Schumacher,
    AUTHOR = {Schumacher, Georg},
     TITLE = {On the geometry of moduli spaces},
   JOURNAL = {Manuscripta Math.},
  FJOURNAL = {Manuscripta Mathematica},
    VOLUME = {50},
      YEAR = {1985},
     PAGES = {229--267},
      ISSN = {0025-2611},
     CODEN = {MSMHB2},
   MRCLASS = {32G13 (53C55)},
  MRNUMBER = {784145 (86j:32049)},
MRREVIEWER = {H. Kerner},
       DOI = {10.1007/BF01168833},
       URL = {http://dx.doi.org/10.1007/BF01168833},
}

@incollection{Ebin,
    AUTHOR = {Ebin, David G.},
     TITLE = {The manifold of {R}iemannian metrics},
 BOOKTITLE = {Global {A}nalysis ({P}roc. {S}ympos. {P}ure {M}ath., {V}ol.
              {XV}, {B}erkeley, {C}alif., 1968)},
     PAGES = {11--40},
 PUBLISHER = {Amer. Math. Soc.},
   ADDRESS = {Providence, R.I.},
      YEAR = {1970},
   MRCLASS = {57.55},
  MRNUMBER = {0267604 (42 \#2506)},
MRREVIEWER = {Y. Tashiro},
}

@Article{ClarkeRubinstein,
     author    = {Clarke, Brian and Rubinstein, Yanir},
     title     = {Conformal deformations of the {E}bin metric and a generalized {C}alabi metric on the space of {R}iemannian metrics},
     year      = {2011},
     journal   = {arXiv},
     volume    = {arXiv:1104.4314v1},
     archivePrefix = {arXiv},
     eprint        = {1104.4314v1},
     primaryClass  = {math.DG},
}

@article{DemaillyPaun,
    AUTHOR = {Demailly, Jean-Pierre and Paun, Mihai},
     TITLE = {Numerical characterization of the {K}\"ahler cone of a compact
              {K}\"ahler manifold},
   JOURNAL = {Ann. of Math. (2)},
  FJOURNAL = {Annals of Mathematics. Second Series},
    VOLUME = {159},
      YEAR = {2004},
    NUMBER = {3},
     PAGES = {1247--1274},
      ISSN = {0003-486X},
     CODEN = {ANMAAH},
   MRCLASS = {32J27 (32Q15)},
  MRNUMBER = {2113021 (2005i:32020)},
MRREVIEWER = {Philippe P. Eyssidieux},
       DOI = {10.4007/annals.2004.159.1247},
       URL = {http://dx.doi.org/10.4007/annals.2004.159.1247},
}

@book{Maass,
    AUTHOR = {Maass, Hans},
     TITLE = {Siegel's modular forms and {D}irichlet series},
    SERIES = {Lecture Notes in Mathematics, Vol. 216},
 PUBLISHER = {Springer-Verlag},
   ADDRESS = {Berlin},
      YEAR = {1971},
     PAGES = {v+328},
   MRCLASS = {10D20 (10H10)},
  MRNUMBER = {0344198 (49 \#8938)},
MRREVIEWER = {K.-B. Gundlach},
}

@book{HuybrechtsGeometry,
    AUTHOR = {Huybrechts, Daniel},
     TITLE = {Complex geometry},
    SERIES = {Universitext},
 PUBLISHER = {Springer}, 
 ADDRESS = {Berlin},
      YEAR = {2005},
     PAGES = {xii+309},
      ISBN = {3-540-21290-6},
   MRCLASS = {32Qxx (14-01 32-01 32G05 32J25 53C55 53C56)},
  MRNUMBER = {2093043 (2005h:32052)},
MRREVIEWER = {Richard P. Thomas},
}

@article{Huybrechts,
    AUTHOR = {Huybrechts, Daniel},
     TITLE = {Products of harmonic forms and rational curves},
   JOURNAL = {Doc. Math.},
  FJOURNAL = {Documenta Mathematica},
    VOLUME = {6},
      YEAR = {2001},
     PAGES = {227--239 (electronic)},
      ISSN = {1431-0635},
   MRCLASS = {32Q15 (14C30 32J27 32Q25)},
  MRNUMBER = {1849196 (2002g:32029)},
MRREVIEWER = {Arnaud Beauville},
}

@article{Wilson,
    AUTHOR = {Wilson, P. M. H.},
     TITLE = {Sectional curvatures of {K}\"ahler moduli},
   JOURNAL = {Math. Ann.},
  FJOURNAL = {Mathematische Annalen},
    VOLUME = {330},
      YEAR = {2004},
    NUMBER = {4},
     PAGES = {631--664},
      ISSN = {0025-5831},
     CODEN = {MAANA},
   MRCLASS = {32J27 (32Q15 32Q25)},
  MRNUMBER = {2102306 (2006d:32028)},
MRREVIEWER = {Gregory J. Pearlstein},
       DOI = {10.1007/s00208-004-0563-9},
       URL = {http://dx.doi.org/10.1007/s00208-004-0563-9},
}

@article{WilsonTrenner,
    AUTHOR = {Trenner, Thomas and Wilson, P. M. H.},
     TITLE = {Asymptotic curvature of moduli spaces for {C}alabi-{Y}au
              threefolds},
   JOURNAL = {J. Geom. Anal.},
  FJOURNAL = {Journal of Geometric Analysis},
    VOLUME = {21},
      YEAR = {2011},
    NUMBER = {2},
     PAGES = {409--428},
      ISSN = {1050-6926},
   MRCLASS = {14J33 (14J32 32Q25)},
  MRNUMBER = {2772078 (2012b:14081)},
MRREVIEWER = {G. K. Sankaran},
       DOI = {10.1007/s12220-010-9152-1},
       URL = {http://dx.doi.org/10.1007/s12220-010-9152-1},
}

@book{Lang,
    AUTHOR = {Lang, Serge},
     TITLE = {Fundamentals of differential geometry},
    SERIES = {Graduate Texts in Mathematics},
    VOLUME = {191},
 PUBLISHER = {Springer-Verlag},
   ADDRESS = {New York},
      YEAR = {1999},
     PAGES = {xviii+535},
      ISBN = {0-387-98593-X},
   MRCLASS = {53-01 (58-01)},
  MRNUMBER = {1666820 (99m:53001)},
MRREVIEWER = {Man Chun Leung},
}


@article{MR730926,
    AUTHOR = {Beauville, Arnaud},
     TITLE = {Vari\'et\'es {K}\"ahleriennes dont la premi\`ere classe de
              {C}hern est nulle},
   JOURNAL = {J. Differential Geom.},
  FJOURNAL = {Journal of Differential Geometry},
    VOLUME = {18},
      YEAR = {1983},
    NUMBER = {4},
     PAGES = {755--782 (1984)},
  MRNUMBER = {86c:32030},
MRREVIEWER = {N. J. Hitchin},
       URL = {http://projecteuclid.org/getRecord?id=euclid.jdg/1214438181},
}

@incollection{Tian,
    AUTHOR = {Tian, Gang},
     TITLE = {Smoothness of the universal deformation space of compact
              {C}alabi-{Y}au manifolds and its {P}etersson-{W}eil metric},
 BOOKTITLE = {Mathematical aspects of string theory ({S}an {D}iego,
              {C}alif., 1986)},
    SERIES = {Adv. Ser. Math. Phys.},
    VOLUME = {1},
     PAGES = {629--646},
 PUBLISHER = {World Sci. Publishing},
   ADDRESS = {Singapore},
      YEAR = {1987},
  MRNUMBER = {915841},
}

@article{MR829406,
    AUTHOR = {Nannicini, Antonella},
     TITLE = {Weil-{P}etersson metric in the moduli space of compact
              polarized {K}\"ahler-{E}instein manifolds of zero first
              {C}hern class},
   JOURNAL = {Manuscripta Math.},
  FJOURNAL = {Manuscripta Mathematica},
    VOLUME = {54},
      YEAR = {1986},
    NUMBER = {4},
     PAGES = {405--438},
  MRNUMBER = {829406},
       DOI = {10.1007/BF01168485},
       URL = {http://dx.doi.org/10.1007/BF01168485},
}

@article{MR784145,
    AUTHOR = {Schumacher, Georg},
     TITLE = {On the geometry of moduli spaces},
   JOURNAL = {Manuscripta Math.},
    VOLUME = {50},
      YEAR = {1985},
     PAGES = {229--267},
MRNUMBER = {784145},
       DOI = {10.1007/BF01168833},
       URL = {http://dx.doi.org/10.1007/BF01168833},
}

@article{MR756781,
    AUTHOR = {Schumacher, Georg},
     TITLE = {Moduli of polarized {K}\"ahler manifolds},
   JOURNAL = {Math. Ann.},
  FJOURNAL = {Mathematische Annalen},
    VOLUME = {269},
      YEAR = {1984},
    NUMBER = {1},
     PAGES = {137--144},
  MRNUMBER = {756781},
       DOI = {10.1007/BF01456001},
       URL = {http://dx.doi.org/10.1007/BF01456001},
}

@incollection{MR859202,
    AUTHOR = {Siu, Yum Tong},
     TITLE = {Curvature of the {W}eil--{P}etersson metric in the moduli space
              of compact {K}\"ahler--{E}instein manifolds of negative first
              {C}hern class},
 BOOKTITLE = {Contributions to several complex variables},
    SERIES = {Aspects Math., E9},
     PAGES = {261--298},
 PUBLISHER = {Vieweg},
      YEAR = {1986},
  MRNUMBER = {859202},
}

@article{wang2003curvature,
  title={Curvature properties of the {C}alabi--{Y}au moduli},
  author={Wang, Chin-Lung},
  journal={Documenta Mathematica},
  volume={8},
  pages={577--590},
  year={2003}
}

@article{MR0112154,
    AUTHOR = {Kodaira, K. and Spencer, D. C.},
     TITLE = {On deformations of complex analytic structures. {I}, {II}},
   JOURNAL = {Ann. of Math. (2)},
  FJOURNAL = {Annals of Mathematics. Second Series},
    VOLUME = {67},
      YEAR = {1958},
     PAGES = {328--466},
      ISSN = {0003-486X},
   MRCLASS = {57.00},
  MRNUMBER = {0112154 (22 \#3009)},
MRREVIEWER = {M. F. Atiyah},
}

@book{MR2371700,
    AUTHOR = {Besse, Arthur L.},
     TITLE = {Einstein manifolds},
    SERIES = {Classics in Mathematics},
      NOTE = {Reprint of the 1987 edition},
 PUBLISHER = {Springer-Verlag},
   ADDRESS = {Berlin},
      YEAR = {2008},
     PAGES = {xii+516},
      ISBN = {978-3-540-74120-6},
   MRCLASS = {53C25 (53-02)},
  MRNUMBER = {2371700 (2008k:53084)},
}


